@inproceedings{Ribeiro2014,
 author = {Ribeiro, Bruno},
 title = {Modeling and Predicting the Growth and Death of Membership-based Websites},
 booktitle = {Proceedings of the 23rd International Conference on World Wide Web},
 series = {WWW '14},
 year = {2014},
 isbn = {978-1-4503-2744-2},
 location = {Seoul, Korea},
 pages = {653--664},
 numpages = {12},
 url = {http://doi.acm.org/10.1145/2566486.2567984},
 doi = {10.1145/2566486.2567984},
 acmid = {2567984},
 publisher = {ACM},
 address = {New York, NY, USA},
 keywords = {DAU, non-equilibrium statistical physics, online social dynamics},
} 

@inproceedings{Kumar2010,
 author = {Kumar, Ravi and Lifshits, Yury and Tomkins, Andrew},
 title = {Evolution of Two-sided Markets},
 booktitle = {Proceedings of the Third ACM International Conference on Web Search and Data Mining},
 series = {WSDM '10},
 year = {2010},
 isbn = {978-1-60558-889-6},
 location = {New York, New York, USA},
 pages = {311--320},
 numpages = {10},
 url = {http://doi.acm.org/10.1145/1718487.1718526},
 doi = {10.1145/1718487.1718526},
 acmid = {1718526},
 publisher = {ACM},
 address = {New York, NY, USA},
 keywords = {coalitions, equilibrium, preferential attachment, two-sided markets},
} 
